@online{TNEOS,
  author="Tammy Noergaard",
  title="{Embedded Operating System}",
  url="https://www.sciencedirect.com/topics/computer-science/embedded-operating-system",
  //month="May",
  //year="2019",
}

@online{ITEOSMC,
  //author="",
  title="{Introduction to Embedded Operating Systems}",
  url="https://microcontrollerslab.com/embedded-operating-system/",
  month="June",
  year="2017",
}

@online{ITEOSPV,
  author="Priya Viswanathan",
  title="{Introduction to Embedded Operating Systems}",
  url="https://www.lifewire.com/what-is-a-mobile-operating-system-2373340",
  month="April",
  year="2020",
}

@online{CSMOS,
  author="Colin Steele",
  title="mobile operating system",
  url="https://searchmobilecomputing.techtarget.com/definition/mobile-operating-system",
}

//TODO: yet add page number
@book{Galvinbook,
  author="Abraham Silberschatz, Greg Gagne, Peter B. Galvin",
  title="Operating System Concepts, 10th Edition",
  publisher="Wiley",
  year="2018",
  month="May",
  pages="83-84"
}

@online{Burger,
  author="Thomas W. Burger",
  title="Embedded Development - QNX* or Linux*?",
  url="https://software.intel.com/content/www/us/en/develop/articles/embedded-development-qnx-or-linux.html",
  month="March",
  year="2009",
}

@online{SMS,
  author="International Data Corporation",
  title="Smartphone Market Share",
  url="https://www.idc.com/promo/smartphone-market-share/os",
  month="April",
  year="2020",
}

@online{TDDBM,
  author="Tech differences",
  title="Difference Between Microkernel and Monolithic Kernel",
  url="https://techdifferences.com/difference-between-microkernel-and-monolithic-kernel.html#KeyDifferences",
  month="December",
  year="2016",
}


@online{NOSvsEOS,
  author="G.S. Jackson",
  title="Network Operating Systems Vs. Embedded Operating Systems",
  url="https://smallbusiness.chron.com/network-operating-systems-vs-embedded-operating-systems-46508.html",
  //month="May",
  //year="2019",
}

@online{Rehman,
  author="J. Rehman",
  title="What are advantages and disadvantages of embedded operating system",
  url="http://www.itrelease.com/2016/12/advantages-disadvantages-embedded-operating-system/",
  month="May",
  year="2020"
}

@online{lifewire,
  author="M. Kyrnin",
  title="Embedded Operating Systems on Traditional PCs",
  url="https://www.lifewire.com/embedded-operating-systems-833068",
  month="January",
  year="2020"
}

@online{HuaweiHongmeng,
  author="Huawei",
  title="Huawei Launches New Distributed Operating System, HarmonyOS",
  url="https://consumer.huawei.com/my/press/news/2019/huawei-launches-harmonyos/",
  month="August",
  year="2019"
}

@online{technopedia,
  author="Technopedia",
  title="What is the difference between a mobile OS and a computer OS? ",
  url="https://www.techopedia.com/7/29694/software/what-is-the-difference-between-a-mobile-os-and-a-computer-os",
  //month="August",
  //year="2019"
}

@online{AAWP,
  author="Steve Litchfield",
  title="Every mobile OS is on the verge of a breakdown and needs TLC",
  url="{http://allaboutwindowsphone.com/features/item/22588_Every_mobile_OS_is_on_the_verg.php}",
  month="November",
  year="2017"
}

@online{quora,
  author="Seetaram N T",
  title="What is the advantage of using QNX in embedded systems?",
  url="https://qr.ae/pNylkw",
  month="June",
  year="2017"
}

@online{mediumScalability,
  author="Yurii Kobets",
  title="Scalability and maintainability of mobile and other applications. Part 1",
  url="https://medium.com/@yuri.live/scalability-and-maintainability-of-mobile-and-other-applications-part-1-21e3d07dadeb",
  month="December",
  year="2017"
}
